<record><leader>00000cas a22000007a 4500</leader><controlfield tag="001">19816885</controlfield><controlfield tag="008">890605d18uu1928mouwr ne      0    0eng d</controlfield><datafield ind1=" " ind2=" " tag="010"><subfield code="a">sn 89066160 </subfield></datafield><datafield ind1=" " ind2=" " tag="040"><subfield code="a">MQN</subfield><subfield code="b">eng</subfield><subfield code="c">MQN</subfield><subfield code="d">OCL</subfield><subfield code="d">OCLCQ</subfield><subfield code="d">OCLCF</subfield><subfield code="d">OCLCO</subfield></datafield><datafield ind1=" " ind2=" " tag="042"><subfield code="a">msc</subfield></datafield><datafield ind1=" " ind2=" " tag="043"><subfield code="a">n-us-mo</subfield></datafield><datafield ind1="0" ind2=" " tag="130"><subfield code="a">Weekly tribune (Chillicothe, Mo.)</subfield></datafield><datafield ind1="1" ind2="4" tag="245"><subfield code="a">The weekly tribune.</subfield></datafield><datafield ind1=" " ind2=" " tag="260"><subfield code="a">Chillicothe, Mo. :</subfield><subfield code="b">Chillicothe Pub. &amp; Print. Co.</subfield></datafield><datafield ind1=" " ind2=" " tag="300"><subfield code="a">v.</subfield></datafield><datafield ind1=" " ind2=" " tag="310"><subfield code="a">Weekly</subfield></datafield><datafield ind1="1" ind2=" " tag="362"><subfield code="a">Ceased in 1928?</subfield></datafield><datafield ind1=" " ind2=" " tag="515"><subfield code="a">Masthead date on issue for Jan. 9, 1919 misprinted Jan. 9, 1918.</subfield></datafield><datafield ind1=" " ind2=" " tag="580"><subfield code="a">Daily ed.: Daily tribune (Chillicothe, Mo. : 1881), &lt;Feb. 3-Nov. 19, 1886&gt;; Chillicothe tribune (Chillicothe, Mo. : Daily ed.), &lt;Sept. 15, 1910&gt;-July 26, 1912; Evening tribune (Chillicothe, Mo.), July 27, 1912-Oct. 29, 1915; Chillicothe daily tribune, Nov. 1, 1915-Feb. 29, 1928.</subfield></datafield><datafield ind1=" " ind2=" " tag="588"><subfield code="a">Description based on: Jan. 9, 1919.</subfield></datafield><datafield ind1=" " ind2="0" tag="651"><subfield code="a">Chillicothe (Mo.)</subfield><subfield code="v">Newspapers.</subfield></datafield><datafield ind1=" " ind2="7" tag="655"><subfield code="a">Newspapers.</subfield><subfield code="2">fast</subfield><subfield code="0">(OCoLC)fst01423814</subfield></datafield><datafield ind1=" " ind2="7" tag="651"><subfield code="a">Missouri</subfield><subfield code="z">Chillicothe.</subfield><subfield code="2">fast</subfield><subfield code="0">(OCoLC)fst01227928</subfield></datafield><datafield ind1=" " ind2=" " tag="752"><subfield code="a">United States</subfield><subfield code="b">Missouri</subfield><subfield code="c">Livingston</subfield><subfield code="d">Chillicothe.</subfield></datafield><datafield ind1="1" ind2=" " tag="775"><subfield code="t">Daily tribune (Chillicothe, Mo. : 1881)</subfield><subfield code="w">(DLC)sn 89066156</subfield></datafield><datafield ind1="1" ind2=" " tag="775"><subfield code="t">Chillicothe tribune (Chillicothe, Mo. : Daily ed.)</subfield><subfield code="w">(DLC)sn 89066157</subfield></datafield><datafield ind1="1" ind2=" " tag="775"><subfield code="t">Evening tribune (Chillicothe, Mo.)</subfield><subfield code="w">(DLC)sn 89066158</subfield></datafield><datafield ind1="1" ind2=" " tag="775"><subfield code="t">Chillicothe daily tribune</subfield><subfield code="w">(DLC)sn 89066159</subfield></datafield><datafield ind1="0" ind2="0" tag="780"><subfield code="t">Chillicothe tribune (Chillicothe, Mo. : 1868 : Weekly)</subfield><subfield code="w">(DLC)sn 85033891</subfield></datafield><datafield ind1="0" ind2="7" tag="785"><subfield code="t">Chillicothe constitution (Chillicothe, Mo. : 1899 : Weekly ed.)</subfield><subfield code="w">(DLC)sn 89066150</subfield></datafield><datafield ind1="0" ind2="7" tag="785"><subfield code="t">Constitution-tribune (Chillicothe, Mo. : 1928 : Weekly)</subfield><subfield code="w">(DLC)sn 89066153</subfield></datafield></record>